% Articles %%%%%%%%%%%%%%%%%%%%%%%%%%%%%%%%%%%%%%%%%%%%%%%%%%%%%%%%%%%%%%%%%%%%%

@article{Hoare1969,
  author =	"Tony Hoare",
  title =	"An Axiomatic Basis for Computer Programming",
  journal =	"CACM: Communications of the ACM",
  volume =	"12",
  year = 	"1969",
}


% Books %%%%%%%%%%%%%%%%%%%%%%%%%%%%%%%%%%%%%%%%%%%%%%%%%%%%%%%%%%%%%%%%%%%%%

@book{NielsonN1992,
  author    = {Hanne Riis Nielson and
               Flemming Nielson},
  title     = {Semantics With Applications - A Formal Introduction},
  series    = {Wiley professional computing},
  publisher = {Wiley},
  year      = {1992},
  isbn      = {978-0-471-92980-2},
  timestamp = {Thu, 07 Apr 2011 16:16:03 +0200},
  biburl    = {https://dblp.org/rec/bib/books/daglib/0067731},
  bibsource = {dblp computer science bibliography, https://dblp.org}
}
